@article{
  placeholder1,
  author = {Author1},
  title = {Title1},
  journal = {Journal1},
  year = {Year1},
  volume = {Volume1},
  number = {Number1},
  pages = {Pages1},
  doi = {DOI1},
  url = {URL1},
  note = {Note1},
}


@article{
  placeholder2,
  author = {Author2},
  title = {Title2},
  journal = {Journal2},
  year = {Year2},
  volume = {Volume2},
  number = {Number2},
  pages = {Pages2},
  doi = {DOI2},
  url = {URL2},
  note = {Note2},
}
